<record><leader>00000cas a22000007a 4500</leader><controlfield tag="001">12310894</controlfield><controlfield tag="008">850726d192119uuwiuwr ne      0    0eng d</controlfield><datafield ind1=" " ind2=" " tag="010"><subfield code="a">sn 85040882 </subfield></datafield><datafield ind1=" " ind2=" " tag="040"><subfield code="a">NPV</subfield><subfield code="b">eng</subfield><subfield code="c">NPV</subfield><subfield code="d">OCLCQ</subfield></datafield><datafield ind1=" " ind2=" " tag="042"><subfield code="a">msc</subfield></datafield><datafield ind1="0" ind2="4" tag="245"><subfield code="a">The Gazette and Stevens Point journal.</subfield></datafield><datafield ind1="3" ind2="0" tag="246"><subfield code="a">Gazette</subfield></datafield><datafield ind1="1" ind2="7" tag="246"><subfield code="a">Stevens Point gazette</subfield></datafield><datafield ind1=" " ind2=" " tag="260"><subfield code="a">Stevens Point, Wis. :</subfield><subfield code="b">Journal Printing,</subfield><subfield code="c">1921-</subfield></datafield><datafield ind1=" " ind2=" " tag="300"><subfield code="a">v. :</subfield><subfield code="b">ill.</subfield></datafield><datafield ind1=" " ind2=" " tag="310"><subfield code="a">Weekly</subfield></datafield><datafield ind1="0" ind2=" " tag="362"><subfield code="a">Gazette vol. 43, no. 27 (Jan. 19, 1921)- =Journal v. 52, no. 40-</subfield></datafield><datafield ind1=" " ind2=" " tag="752"><subfield code="a">United States</subfield><subfield code="b">Wisconsin</subfield><subfield code="c">Portage</subfield><subfield code="d">Stevens Point.</subfield></datafield><datafield ind1="0" ind2="4" tag="780"><subfield code="t">Gazette (Stevens Point, Wis.)</subfield><subfield code="w">(DLC)sn 85040879</subfield></datafield><datafield ind1="0" ind2="4" tag="780"><subfield code="t">Stevens Point journal</subfield><subfield code="w">(DLC)sn 85040881</subfield></datafield></record>